<?xml version="1.0" encoding="UTF-8"?><collection xmlns="http://www.loc.gov/MARC21/slim"><record><leader>00551nam--2200169-i-4500</leader><controlfield tag="001">000010853</controlfield><controlfield tag="002">20161230</controlfield><controlfield tag="005">20161230201029</controlfield><controlfield tag="008">060222s1000------------r-----000-0-eng-d</controlfield><datafield ind1="1" ind2="0" tag="100"><subfield code="a">Browder, Felix E. (Ed.)</subfield></datafield><datafield ind1=" " ind2=" " tag="245"><subfield code="a">Functional analysis and related fields. proceedings of a conference in honor of professor marshall stone, held at the university of chicago, may 1968</subfield></datafield><datafield ind1=" " ind2=" " tag="260"><subfield code="a">Berlin, Springer-verlag, 1970</subfield></datafield><datafield ind1=" " ind2=" " tag="300"><subfield code="a">241 P</subfield></datafield><datafield ind1=" " ind2=" " tag="490"><subfield code="a">Proceedings</subfield></datafield><datafield ind1=" " ind2=" " tag="700"><subfield code="a">Browder, Felix E</subfield></datafield><datafield ind1=" " ind2=" " tag="852"><subfield code="a">39833</subfield><subfield code="c">517.5</subfield></datafield><datafield ind1=" " ind2=" " tag="CAT"><subfield code="a">Sys</subfield><subfield code="c">20080806</subfield><subfield code="h">091521</subfield></datafield></record></collection>